@book{bv_hiasots,
 author = {Boardman, J. M. and Vogt, R. M.},
 title = {Homotopy invariant algebraic structures on topological spaces},
 fseries = {Lecture Notes in Mathematics},
 series = {Lect. Notes Math.},
 issn = {0075-8434},
 volume = {347},
 year = {1973},
 publisher = {Springer, Cham},
 language = {English},
 keywords = {55P35,55P15,55Q10,18C15,55-02},
 zbMATH = {3447775},
 Zbl = {0285.55012}
}
