@book{rosen7thEd,
	author={Rosen, Kenneth H.},
	title={Discrete mathematics and its applications},
	edition={7th},
	year={2012},
	publisher={McGraw-Hill},
}
